@article{dunfield2021bidirectional,
  title={Bidirectional typing},
  author={Dunfield, Jana and Krishnaswami, Neel},
  journal={ACM Computing Surveys (CSUR)},
  volume={54},
  number={5},
  pages={1--38},
  year={2021},
  publisher={ACM New York, NY, USA}
}

@inproceedings{xie2018let,
  title={Let Arguments Go First},
  author={Xie, Ningning and Oliveira, Bruno C. d. S.},
  booktitle={European Symposium on Programming},
  pages={272--299},
  year={2018},
  organization={Springer}
}

@article{polikarpova2016program,
  title={Program synthesis from polymorphic refinement types},
  author={Polikarpova, Nadia and Kuraj, Ivan and Solar-Lezama, Armando},
  journal={ACM SIGPLAN Notices},
  volume={51},
  number={6},
  pages={522--538},
  year={2016},
  publisher={ACM New York, NY, USA}
}